@online{1,
    author    = "Google",
    title     = "Google-Images",
    url       = "http://www.images.google.com",
    keywords  = "google,images"
}
@book{Moi60,
	author    = "Abraham de Moivre",
	title     = "The Doctrine of Chances",
	year      = "1560",
            }